<record><leader>00000cas a2200000 a 4500</leader><controlfield tag="001">220888504</controlfield><controlfield tag="008">080407c20039999gauwr ne      |    0eng c</controlfield><datafield ind1=" " ind2=" " tag="010"><subfield code="a">  2008233466</subfield></datafield><datafield ind1=" " ind2=" " tag="040"><subfield code="a">GUA</subfield><subfield code="b">eng</subfield><subfield code="c">GUA</subfield><subfield code="d">OCLCQ</subfield><subfield code="d">OCLCF</subfield><subfield code="d">OCLCO</subfield></datafield><datafield ind1=" " ind2=" " tag="042"><subfield code="a">pcc</subfield></datafield><datafield ind1=" " ind2=" " tag="043"><subfield code="a">n-us-ga</subfield></datafield><datafield ind1="0" ind2=" " tag="130"><subfield code="a">Advance (Vidalia, Ga. : 2003)</subfield></datafield><datafield ind1="1" ind2="4" tag="245"><subfield code="a">The Advance.</subfield></datafield><datafield ind1=" " ind2=" " tag="260"><subfield code="a">Vidalia, Ga. :</subfield><subfield code="b">Advance Pub. Co.</subfield></datafield><datafield ind1=" " ind2=" " tag="300"><subfield code="a">v.</subfield></datafield><datafield ind1=" " ind2=" " tag="310"><subfield code="a">Weekly</subfield></datafield><datafield ind1="1" ind2=" " tag="362"><subfield code="a">Began with vol. 106, no. 1 (Jan. 1, 2003).</subfield></datafield><datafield ind1=" " ind2=" " tag="588"><subfield code="a">Description based on first issue; title from caption.</subfield></datafield><datafield ind1=" " ind2=" " tag="588"><subfield code="a">Latest issue consulted: Jan. 25, 2006.</subfield></datafield><datafield ind1=" " ind2="0" tag="651"><subfield code="a">Vidalia (Ga.)</subfield><subfield code="v">Newspapers.</subfield></datafield><datafield ind1=" " ind2="0" tag="651"><subfield code="a">Toombs County (Ga.)</subfield><subfield code="v">Newspapers.</subfield></datafield><datafield ind1=" " ind2="7" tag="655"><subfield code="a">Newspapers.</subfield><subfield code="2">fast</subfield><subfield code="0">(OCoLC)fst01423814</subfield></datafield><datafield ind1=" " ind2="7" tag="651"><subfield code="a">Georgia</subfield><subfield code="z">Toombs County.</subfield><subfield code="2">fast</subfield><subfield code="0">(OCoLC)fst01212297</subfield></datafield><datafield ind1=" " ind2="7" tag="651"><subfield code="a">Georgia</subfield><subfield code="z">Vidalia.</subfield><subfield code="2">fast</subfield><subfield code="0">(OCoLC)fst01217818</subfield></datafield><datafield ind1=" " ind2=" " tag="752"><subfield code="a">United States</subfield><subfield code="b">Georgia</subfield><subfield code="c">Toombs</subfield><subfield code="d">Vidalia.</subfield></datafield><datafield ind1="0" ind2="0" tag="780"><subfield code="t">Advance-progress (Vidalia, Ga.)</subfield><subfield code="w">(DLC)sn 91099141</subfield><subfield code="w">(OCoLC)24070885</subfield></datafield></record>